<?xml version="1.0" encoding="UTF-8"?><collection xmlns="http://www.loc.gov/MARC21/slim"><record><leader>00510nam--2200193-u-4500</leader><controlfield tag="001">000054176</controlfield><controlfield tag="002">20161230</controlfield><controlfield tag="005">20161230201051</controlfield><controlfield tag="008">110915s1000------------r-----000-0-eng-d</controlfield><datafield ind1=" " ind2=" " tag="020"><subfield code="a">0521204666</subfield></datafield><datafield ind1=" " ind2=" " tag="040"><subfield code="a">IFIN-HH</subfield></datafield><datafield ind1=" " ind2=" " tag="080"><subfield code="a">539.26</subfield></datafield><datafield ind1="1" ind2=" " tag="100"><subfield code="a">Reed, S.J.B</subfield></datafield><datafield ind1="1" ind2="0" tag="245"><subfield code="a">Electron microprobe analysis</subfield><subfield code="c">S.j.b. reed</subfield></datafield><datafield ind1=" " ind2=" " tag="260"><subfield code="a">Cambridge</subfield><subfield code="b">Cambridge University Press</subfield><subfield code="c">1975</subfield></datafield><datafield ind1=" " ind2=" " tag="300"><subfield code="a">400P</subfield></datafield><datafield ind1=" " ind2=" " tag="490"><subfield code="a">Cambridge Monographs On Physics</subfield></datafield><datafield ind1=" " ind2=" " tag="852"><subfield code="a">77494</subfield><subfield code="c">537.533.35</subfield></datafield><datafield ind1=" " ind2=" " tag="CAT"><subfield code="a">Sys</subfield><subfield code="c">20110915</subfield><subfield code="h">103738</subfield></datafield></record></collection>